<record><leader>00000cas a2200000 a 4500</leader><controlfield tag="001">2259052</controlfield><controlfield tag="008">760620d18621864vauwr ne      0    0eng c</controlfield><datafield ind1=" " ind2=" " tag="010"><subfield code="a">sn 85026873 </subfield></datafield><datafield ind1=" " ind2=" " tag="040"><subfield code="a">PIT</subfield><subfield code="b">eng</subfield><subfield code="c">PIT</subfield><subfield code="d">NPX</subfield><subfield code="d">DLC</subfield><subfield code="d">OCL</subfield><subfield code="d">NPH</subfield><subfield code="d">DLC</subfield><subfield code="d">OCL</subfield><subfield code="d">MGN</subfield><subfield code="d">NVK</subfield><subfield code="d">OCL</subfield><subfield code="d">NVK</subfield><subfield code="d">NVF</subfield><subfield code="d">DLC</subfield><subfield code="d">KRTAS</subfield><subfield code="d">OCLCQ</subfield><subfield code="d">OCLCF</subfield><subfield code="d">OCLCO</subfield></datafield><datafield ind1=" " ind2=" " tag="012"><subfield code="b">3</subfield></datafield><datafield ind1=" " ind2=" " tag="019"><subfield code="a">12904766</subfield><subfield code="a">24080016</subfield></datafield><datafield ind1="1" ind2=" " tag="029"><subfield code="a">AU@</subfield><subfield code="b">000020234066</subfield></datafield><datafield ind1=" " ind2=" " tag="042"><subfield code="a">pcc</subfield></datafield><datafield ind1=" " ind2=" " tag="043"><subfield code="a">n-us-va</subfield></datafield><datafield ind1="0" ind2="0" tag="050"><subfield code="a">Newspaper</subfield></datafield><datafield ind1="0" ind2=" " tag="130"><subfield code="a">Cavalier (Williamsburg, Va.)</subfield></datafield><datafield ind1="1" ind2="4" tag="245"><subfield code="a">The Cavalier.</subfield></datafield><datafield ind1=" " ind2=" " tag="260"><subfield code="a">Williamsburg, Va :</subfield><subfield code="b">[s.n.],</subfield><subfield code="c">1862-</subfield></datafield><datafield ind1=" " ind2=" " tag="300"><subfield code="a">v.</subfield></datafield><datafield ind1=" " ind2=" " tag="310"><subfield code="a">Weekly</subfield></datafield><datafield ind1="0" ind2=" " tag="362"><subfield code="a">Vol. 1, no. 1 (June 25, 1862)-</subfield></datafield><datafield ind1="1" ind2=" " tag="362"><subfield code="a">Ceased 1864.</subfield></datafield><datafield ind1=" " ind2=" " tag="500"><subfield code="a">Imprint varies: S.C. Hough &amp; T.C. Fell, &lt;1863-1864&gt;; T.C. Fell &amp; I. Barkley, &lt;Apr. 11, 1864&gt;.</subfield></datafield><datafield ind1=" " ind2=" " tag="500"><subfield code="a">Published by the Union Army. Cf. Cappon, L.J. Va. newspapers.</subfield></datafield><datafield ind1=" " ind2=" " tag="500"><subfield code="a">Published in Yorktown, Va., &lt;Mar. 3, 1863-Apr. 11, 1864&gt;.</subfield></datafield><datafield ind1=" " ind2=" " tag="515"><subfield code="a">Suspended publication from &lt;Apr.&gt;-June 7, 1864.</subfield></datafield><datafield ind1=" " ind2=" " tag="515"><subfield code="a">Issues for &lt;Mar. 3-Oct. 13, 1864&gt; called &lt;v. 1, 1st ser. no. 13, 2nd ser. no. 5-v. 1, 1st ser. no. 44, 2nd ser. no. 36&gt;.</subfield></datafield><datafield ind1=" " ind2=" " tag="530"><subfield code="a">Also issued on microfilm from Bell &amp; Howell, Micro Photo Div.; and the Library of Virginia.</subfield></datafield><datafield ind1=" " ind2=" " tag="580"><subfield code="a">Printed on the press of: Weekly gazette and Eastern Virginia advertiser, and: Weekly review (Williamsburg, Va.) during the Union occupation of Williamsburg and Yorktown.</subfield></datafield><datafield ind1=" " ind2=" " tag="588"><subfield code="a">Latest issue consulted: June 27, 1864.</subfield></datafield><datafield ind1=" " ind2="0" tag="651"><subfield code="a">Yorktown (Va.)</subfield><subfield code="v">Newspapers.</subfield></datafield><datafield ind1=" " ind2="0" tag="651"><subfield code="a">Williamsburg (Va.)</subfield><subfield code="v">Newspapers.</subfield></datafield><datafield ind1=" " ind2="0" tag="651"><subfield code="a">United States</subfield><subfield code="x">Armed Forces</subfield><subfield code="v">Newspapers.</subfield></datafield><datafield ind1=" " ind2="0" tag="651"><subfield code="a">Virginia</subfield><subfield code="x">History</subfield><subfield code="y">Civil War, 1861-1865</subfield><subfield code="v">Newspapers.</subfield></datafield><datafield ind1=" " ind2="0" tag="651"><subfield code="a">United States</subfield><subfield code="x">History</subfield><subfield code="y">Civil War, 1861-1865</subfield><subfield code="v">Newspapers.</subfield></datafield><datafield ind1=" " ind2="7" tag="655"><subfield code="a">History.</subfield><subfield code="2">fast</subfield><subfield code="0">(OCoLC)fst01411628</subfield></datafield><datafield ind1=" " ind2="7" tag="655"><subfield code="a">Newspapers.</subfield><subfield code="2">fast</subfield><subfield code="0">(OCoLC)fst01423814</subfield></datafield><datafield ind1="2" ind2="7" tag="611"><subfield code="a">American Civil War (1861-1865)</subfield><subfield code="2">fast</subfield><subfield code="0">(OCoLC)fst01351658</subfield></datafield><datafield ind1=" " ind2="7" tag="648"><subfield code="a">1861 - 1865</subfield><subfield code="2">fast</subfield></datafield><datafield ind1=" " ind2="7" tag="650"><subfield code="a">Armed Forces.</subfield><subfield code="2">fast</subfield><subfield code="0">(OCoLC)fst00814586</subfield></datafield><datafield ind1=" " ind2="7" tag="651"><subfield code="a">United States.</subfield><subfield code="2">fast</subfield><subfield code="0">(OCoLC)fst01204155</subfield></datafield><datafield ind1=" " ind2="7" tag="651"><subfield code="a">Virginia.</subfield><subfield code="2">fast</subfield><subfield code="0">(OCoLC)fst01204597</subfield></datafield><datafield ind1=" " ind2="7" tag="651"><subfield code="a">Virginia</subfield><subfield code="z">Williamsburg.</subfield><subfield code="2">fast</subfield><subfield code="0">(OCoLC)fst01205036</subfield></datafield><datafield ind1=" " ind2="7" tag="651"><subfield code="a">Virginia</subfield><subfield code="z">Yorktown.</subfield><subfield code="2">fast</subfield><subfield code="0">(OCoLC)fst01205034</subfield></datafield><datafield ind1="1" ind2=" " tag="710"><subfield code="a">United States.</subfield><subfield code="b">Army.</subfield></datafield><datafield ind1=" " ind2=" " tag="752"><subfield code="a">United States</subfield><subfield code="b">Virginia</subfield><subfield code="c">York</subfield><subfield code="d">Yorktown.</subfield></datafield><datafield ind1=" " ind2=" " tag="752"><subfield code="a">United States</subfield><subfield code="b">Virginia</subfield><subfield code="d">Williamsburg.</subfield></datafield><datafield ind1="1" ind2=" " tag="787"><subfield code="t">Weekly gazette and Eastern Virginia advertiser</subfield><subfield code="w">(DLC)sn 86071984</subfield></datafield><datafield ind1="1" ind2=" " tag="787"><subfield code="t">Weekly review (Williamsburg, Va.)</subfield><subfield code="w">(DLC)sn 85026880</subfield></datafield><datafield ind1=" " ind2=" " tag="938"><subfield code="a">Kirtas Technologies, Inc.</subfield><subfield code="b">KRTS</subfield><subfield code="n">734165</subfield></datafield></record>